<record><leader>00000cas a22000007a 4500</leader><controlfield tag="001">33193221</controlfield><controlfield tag="008">950923d190u1911okuwr n       0    0eng d</controlfield><datafield ind1=" " ind2=" " tag="010"><subfield code="a">sn 95076138 </subfield></datafield><datafield ind1=" " ind2=" " tag="040"><subfield code="a">OBN</subfield><subfield code="b">eng</subfield><subfield code="c">OBN</subfield><subfield code="d">OCLCQ</subfield><subfield code="d">OCLCO</subfield></datafield><datafield ind1="1" ind2=" " tag="029"><subfield code="a">AU@</subfield><subfield code="b">000025854417</subfield></datafield><datafield ind1=" " ind2=" " tag="042"><subfield code="a">msc</subfield></datafield><datafield ind1=" " ind2=" " tag="043"><subfield code="a">n-us-ok</subfield></datafield><datafield ind1="0" ind2="4" tag="245"><subfield code="a">The Kendrick review.</subfield></datafield><datafield ind1=" " ind2=" " tag="260"><subfield code="a">Kendrick, Okla. :</subfield><subfield code="b">Camerons Pub.</subfield></datafield><datafield ind1=" " ind2=" " tag="300"><subfield code="a">v.</subfield></datafield><datafield ind1=" " ind2=" " tag="310"><subfield code="a">Weekly</subfield></datafield><datafield ind1="0" ind2=" " tag="362"><subfield code="a">-v. 9, no. 27 (Oct. 27, 1911).</subfield></datafield><datafield ind1=" " ind2=" " tag="588"><subfield code="a">Description based on: Vol. 7, no. 25 (Oct. 22, 1909).</subfield></datafield><datafield ind1=" " ind2="0" tag="651"><subfield code="a">Kendrick (Okla.)</subfield><subfield code="v">Newspapers.</subfield></datafield><datafield ind1=" " ind2="0" tag="651"><subfield code="a">Lincoln County (Okla.)</subfield><subfield code="v">Newspapers.</subfield></datafield><datafield ind1=" " ind2=" " tag="752"><subfield code="a">United States</subfield><subfield code="b">Oklahoma</subfield><subfield code="c">Lincoln</subfield><subfield code="d">Kendrick.</subfield></datafield><datafield ind1="0" ind2="0" tag="780"><subfield code="t">Sparks review</subfield><subfield code="w">(DLC)sn 93050456</subfield><subfield code="w">(OCoLC)26577565</subfield></datafield><datafield ind1="0" ind2="0" tag="785"><subfield code="t">Chandler review</subfield><subfield code="w">(DLC)sn 95076139</subfield><subfield code="w">(OCoLC)33193228</subfield></datafield></record>